<?xml version="1.0" encoding="UTF-8"?><collection xmlns="http://www.loc.gov/MARC21/slim"><record><leader>00519nam--2200169-i-4500</leader><controlfield tag="001">000028411</controlfield><controlfield tag="002">20161230</controlfield><controlfield tag="005">20161230201037</controlfield><controlfield tag="008">060222s1000------------r-----000-0-eng-d</controlfield><datafield ind1=" " ind2=" " tag="040"><subfield code="a">IFIN-HH</subfield></datafield><datafield ind1=" " ind2=" " tag="080"><subfield code="a">539.171(047.1)</subfield></datafield><datafield ind1="1" ind2=" " tag="100"><subfield code="a">Langbein, W</subfield></datafield><datafield ind1="1" ind2="0" tag="245"><subfield code="a">Are conformal mapping polynomials really optimal analytic parametrizations of the scattering amplitudes?</subfield><subfield code="c">W. langbein</subfield></datafield><datafield ind1=" " ind2=" " tag="260"><subfield code="a">Kaiserslautern</subfield><subfield code="b">Universitat Kaiserslautern</subfield><subfield code="c">1975</subfield></datafield><datafield ind1=" " ind2=" " tag="300"><subfield code="a">44P</subfield></datafield><datafield ind1=" " ind2=" " tag="852"><subfield code="a">42893</subfield><subfield code="c">539.17</subfield></datafield><datafield ind1=" " ind2=" " tag="CAT"><subfield code="a">Sys</subfield><subfield code="c">20120614</subfield><subfield code="h">102522</subfield></datafield></record></collection>